@book{wickham2016,
  title={R for Data Science},
  author={Wickham, Hadley and Grolemund, Garrett},
  year={2016},
  publisher={O'Reilly Media, Inc.}
}